@article{PhysRevB.54.1703,
  title = {Separable dual-space Gaussian pseudopotentials},
  author = {Goedecker, S. and Teter, M. and Hutter, J.},
  journal = {Phys. Rev. B},
  volume = {54},
  issue = {3},
  pages = {1703--1710},
  numpages = {0},
  year = {1996},
  month = {Jul},
  publisher = {American Physical Society},
  doi = {10.1103/PhysRevB.54.1703},
  url = {https://link.aps.org/doi/10.1103/PhysRevB.54.1703}
}

